@article{Akrout19,
  author    = {Mohamed Akrout and
               Collin Wilson and
               Peter C. Humphreys and
               Timothy P. Lillicrap and
               Douglas B. Tweed},
  title     = {Deep Learning without Weight Transport},
  journal   = {CoRR},
  volume    = {abs/1904.05391},
  year      = {2019},
  url       = {http://arxiv.org/abs/1904.05391},
  archivePrefix = {arXiv},
  eprint    = {1904.05391},
  timestamp = {Thu, 25 Apr 2019 13:55:01 +0200},
  biburl    = {https://dblp.org/rec/bib/journals/corr/abs-1904-05391},
  bibsource = {dblp computer science bibliography, https://dblp.org}
}

@article{BaconHP16,
  author    = {Pierre{-}Luc Bacon and
               Jean Harb and
               Doina Precup},
  title     = {The Option-Critic Architecture},
  journal   = {CoRR},
  volume    = {abs/1609.05140},
  year      = {2016},
  url       = {http://arxiv.org/abs/1609.05140},
  archivePrefix = {arXiv},
  eprint    = {1609.05140},
  timestamp = {Mon, 13 Aug 2018 16:48:17 +0200},
  biburl    = {https://dblp.org/rec/bib/journals/corr/BaconHP16},
  bibsource = {dblp computer science bibliography, https://dblp.org}
}

@article{schultz97,
  added-at = {2008-02-26T11:58:58.000+0100},
  author = {Schultz, W. and Dayan, Peter and Montague, Read P.},
  biburl = {https://www.bibsonomy.org/bibtex/26a8f1bd26fa8107458c3c8825d150e1c/schaul},
  citeulike-article-id = {2379013},
  description = {idsia},
  interhash = {dbf2e4493752238a6c1fc736fef85a3c},
  intrahash = {6a8f1bd26fa8107458c3c8825d150e1c},
  journal = {Science},
  keywords = {nn},
  pages = {1593--1599},
  priority = {2},
  timestamp = {2008-02-26T12:02:35.000+0100},
  title = {A Neural Substrate of Prediction and Reward},
  volume = 275,
  year = 1997
}

@article {Solway2014,
	title = {Optimal Behavioral Hierarchy},
	journal = {PLoS Computational Biology},
	volume = {10},
	number = {8},
	year = {2014},
	month = {aug},
	pages = {e1003779},
	isbn = {1553-7358 (Electronic)\$\backslash\$n1553-734X (Linking)},
	issn = {15537358},
	doi = {10.1371/journal.pcbi.1003779},
	url = {https://nivlab.princeton.edu/sites/default/files/nivlab/files/solwaydiuketal2014.pdf},
	author = {Solway, Alec and Diuk, Carlos and C{\'o}rdova, Natalia and Yee, Debbie and Barto, Andrew G and Yael Niv and Botvinick, Matthew M}
}

@article{mann15,
author = {Mann, Timothy A. and Mannor, Shie and Precup, Doina},
title = {Approximate Value Iteration with Temporally Extended Actions},
year = {2015},
issue_date = {January 2015},
publisher = {AI Access Foundation},
address = {El Segundo, CA, USA},
volume = {53},
number = {1},
issn = {1076-9757},
journal = {J. Artif. Int. Res.},
month = may,
pages = {375–438},
numpages = {64}
}

@article{Barreto16,
  author    = {Andr{\'{e}} Barreto and
               R{\'{e}}mi Munos and
               Tom Schaul and
               David Silver},
  title     = {Successor Features for Transfer in Reinforcement Learning},
  journal   = {CoRR},
  volume    = {abs/1606.05312},
  year      = {2016},
  url       = {http://arxiv.org/abs/1606.05312},
  archivePrefix = {arXiv},
  eprint    = {1606.05312},
  timestamp = {Mon, 13 Aug 2018 16:47:28 +0200},
  biburl    = {https://dblp.org/rec/bib/journals/corr/BarretoMSS16},
  bibsource = {dblp computer science bibliography, https://dblp.org}
}

@article{Dayan93,
author = {Dayan, Peter},
title = {Improving Generalization for Temporal Difference Learning: The Successor Representation},
year = {1993},
issue_date = {July 1993},
publisher = {MIT Press},
address = {Cambridge, MA, USA},
volume = {5},
number = {4},
issn = {0899-7667},
url = {https://doi.org/10.1162/neco.1993.5.4.613},
doi = {10.1162/neco.1993.5.4.613},
journal = {Neural Comput.},
month = jul,
pages = {613–624},
numpages = {12}
}

@article{ODoherty04,
  author = {O'Doherty, John and Dayan, Peter and Schultz, Johannes and Deichmann, Ralf and Friston, Karl and Dolan, Raymond J},
  doi = {10.1126/science.1094285},
  interhash = {a9aeafe1479eaa1767b1bebc709a6e27},
  intrahash = {87fe389623a06866cf0de28637d1ea42},
  journal = {Science},
  month = Apr,
  number = 5669,
  owner = {frankmj},
  pages = {452--454},
  pii = {304/5669/452},
  pmid = {15087550},
  timestamp = {2008-09-16T23:40:50.000+0200},
  title = {Dissociable roles of ventral and dorsal striatum in instrumental
	conditioning.},
  url = {http://dx.doi.org/10.1126/science.1094285},
  volume = 304,
  year = 2004
}

@article{Franklin2018,
  doi = {10.1371/journal.pcbi.1006116},
  url = {https://doi.org/10.1371/journal.pcbi.1006116},
  year = {2018},
  month = apr,
  publisher = {Public Library of Science ({PLoS})},
  volume = {14},
  number = {4},
  pages = {e1006116},
  author = {Nicholas T. Franklin and Michael J. Frank},
  editor = {Jean Daunizeau},
  title = {Compositional clustering in task structure learning},
  journal = {{PLOS} Computational Biology}
}

@article{Grossberg87,
title = "Competitive learning: From interactive activation to adaptive resonance",
journal = "Cognitive Science",
volume = "11",
number = "1",
pages = "23 - 63",
year = "1987",
issn = "0364-0213",
doi = "https://doi.org/10.1016/S0364-0213(87)80025-3",
url = "http://www.sciencedirect.com/science/article/pii/S0364021387800253",
author = "Stephen Grossberg",
}

@article{Bartunov18,
  author    = {Sergey Bartunov and
               Adam Santoro and
               Blake A. Richards and
               Geoffrey E. Hinton and
               Timothy P. Lillicrap},
  title     = {Assessing the Scalability of Biologically-Motivated Deep Learning
               Algorithms and Architectures},
  journal   = {CoRR},
  volume    = {abs/1807.04587},
  year      = {2018},
  url       = {http://arxiv.org/abs/1807.04587},
  archivePrefix = {arXiv},
  eprint    = {1807.04587},
  timestamp = {Mon, 13 Aug 2018 16:46:02 +0200},
  biburl    = {https://dblp.org/rec/bib/journals/corr/abs-1807-04587},
  bibsource = {dblp computer science bibliography, https://dblp.org}
}

@ARTICLE{Gerstner18,
       author = {{Gerstner}, Wulfram and {Lehmann}, Marco and {Liakoni}, Vasiliki and
         {Corneil}, Dane and {Brea}, Johanni},
        title = "{Eligibility Traces and Plasticity on Behavioral Time Scales: Experimental Support of neoHebbian Three-Factor Learning Rules}",
      journal = {arXiv e-prints},
     keywords = {Quantitative Biology - Neurons and Cognition},
         year = "2018",
        month = "Jan",
          eid = {arXiv:1801.05219},
        pages = {arXiv:1801.05219},
archivePrefix = {arXiv},
       eprint = {1801.05219},
 primaryClass = {q-bio.NC},
       adsurl = {https://ui.adsabs.harvard.edu/abs/2018arXiv180105219G},
      adsnote = {Provided by the SAO/NASA Astrophysics Data System}
}

@inproceedings{Sutton98,
author = {Sutton, Richard S. and Precup, Doina and Singh, Satinder P.},
title = {Intra-Option Learning about Temporally Abstract Actions},
year = {1998},
isbn = {1558605568},
publisher = {Morgan Kaufmann Publishers Inc.},
address = {San Francisco, CA, USA},
booktitle = {Proceedings of the Fifteenth International Conference on Machine Learning},
pages = {556–564},
numpages = {9},
series = {ICML ’98}
}

@article{Botvinick08,
author = {Botvinick, Matthew and Niv, Yael and Barto, Andrew},
year = {2008},
month = {11},
pages = {262-80},
title = {Hierarchically organized behavior and its neural foundations: A reinforcement learning perspective},
volume = {113},
journal = {Cognition},
doi = {10.1016/j.cognition.2008.08.011}
}

%%%%%%%%%%%%%%%%%%%%%%%

@article {Homann17,
	author = {Homann, Jan and Koay, Sue Ann and Glidden, Alistair M. and Tank, David W. and Berry, Michael J.},
	title = {Predictive Coding of Novel versus Familiar Stimuli in the Primary Visual Cortex},
	elocation-id = {197608},
	year = {2017},
	doi = {10.1101/197608},
	publisher = {Cold Spring Harbor Laboratory},
	URL = {https://www.biorxiv.org/content/early/2017/10/03/197608},
	eprint = {https://www.biorxiv.org/content/early/2017/10/03/197608.full.pdf},
	journal = {bioRxiv}
}

@article{Lotter16,
  author    = {William Lotter and
               Gabriel Kreiman and
               David D. Cox},
  title     = {Deep Predictive Coding Networks for Video Prediction and Unsupervised
               Learning},
  journal   = {CoRR},
  volume    = {abs/1605.08104},
  year      = {2016},
  url       = {http://arxiv.org/abs/1605.08104},
  archivePrefix = {arXiv},
  eprint    = {1605.08104},
  timestamp = {Mon, 13 Aug 2018 16:48:56 +0200},
  biburl    = {https://dblp.org/rec/bib/journals/corr/LotterKC16},
  bibsource = {dblp computer science bibliography, https://dblp.org}
}

@article{Harris13,
author = {Harris, Kenneth and Mrsic-Flogel, Thomas},
year = {2013},
month = {11},
pages = {51-8},
title = {Cortical connectivity and sensory coding},
volume = {503},
journal = {Nature},
doi = {10.1038/nature12654}
}

@article{Zmarz16,
title = "Mismatch Receptive Fields in Mouse Visual Cortex",
journal = "Neuron",
volume = "92",
number = "4",
pages = "766 - 772",
year = "2016",
issn = "0896-6273",
doi = "https://doi.org/10.1016/j.neuron.2016.09.057",
url = "http://www.sciencedirect.com/science/article/pii/S0896627316306997",
author = "Pawel Zmarz and Georg B. Keller",
keywords = "predictive coding, receptive fields, sensorimotor integration, visual cortex",
abstract = "Summary
Video Abstract
"
}